<?xml version="1.0" encoding="UTF-8"?><collection xmlns="http://www.loc.gov/MARC21/slim"><record><leader>00460nam--2200169-i-4500</leader><controlfield tag="001">000001388</controlfield><controlfield tag="002">20161230</controlfield><controlfield tag="005">20161230201024</controlfield><controlfield tag="008">060222s1000------------r-----000-0-eng-d</controlfield><datafield ind1=" " ind2=" " tag="040"><subfield code="a">IFIN-HH</subfield></datafield><datafield ind1=" " ind2=" " tag="080"><subfield code="a">537.611.42:541.57</subfield></datafield><datafield ind1="1" ind2=" " tag="100"><subfield code="a">Dorfman, Ya.G</subfield></datafield><datafield ind1="1" ind2="0" tag="245"><subfield code="a">Diamagnetism and the chemical bond</subfield><subfield code="c">Ya.g. dorfman</subfield></datafield><datafield ind1=" " ind2=" " tag="260"><subfield code="a">London</subfield><subfield code="b">Edward Arnold (Publishers) Ltd</subfield><subfield code="c">1965</subfield></datafield><datafield ind1=" " ind2=" " tag="300"><subfield code="a">VI + 182 P</subfield></datafield><datafield ind1=" " ind2=" " tag="852"><subfield code="a">76827</subfield><subfield code="c">537:538</subfield></datafield><datafield ind1=" " ind2=" " tag="CAT"><subfield code="a">Sys</subfield><subfield code="c">20110629</subfield><subfield code="h">121935</subfield></datafield></record></collection>